@Online{project_jupyter,
	author = {Project Jupyter},
	title = {Project Jupyter - Home},
	url = {https://jupyter.org/},
	addendum = {(abgerufen am 01.02.2021)},
	keywords = {jupyter, notebooks},
	year = {2021}
}

@Online{colab_notebooks,
	author = {Google Colab},
	title = {Willkommen bei Colaboratory - Colaboratory},
	url = {https://colab.research.google.com/notebooks/intro.ipynb#scrollTo=OwuxHmxllTwN},
	addendum = {(abgerufen am 01.02.2021)},
	keywords = {jupyter, colab, google, notebooks},
	year = {2021}
}

@Online{jupyter_kernel,
	author = {Project Jupyter},
	title = {Jupyter Kernels - jupyter/jupyter},
	url = {https://github.com/jupyter/jupyter/wiki/Jupyter-kernels},
	addendum = {(abgerufen am 01.02.2021)},
	keywords = {jupyter, github, kernel},
	year = {2021}
}

@Online{imagenet,
	author = {ImageNet},
	title = {ImageNet Large Scale Visual Recognition Competition},
	url = {http://www.image-net.org/challenges/LSVRC/2012/results.html},
	addendum = {(abgerufen am 01.02.2021)},
	year = {2012}
}

@inproceedings{NIPS2012_c399862d,
 author = {Krizhevsky, Alex and Sutskever, Ilya and Hinton, Geoffrey E},
 booktitle = {Advances in Neural Information Processing Systems},
 editor = {F. Pereira and C. J. C. Burges and L. Bottou and K. Q. Weinberger},
 pages = {1097--1105},
 publisher = {Curran Associates, Inc.},
 title = {ImageNet Classification with Deep Convolutional Neural Networks},
 url = {https://proceedings.neurips.cc/paper/2012/file/c399862d3b9d6b76c8436e924a68c45b-Paper.pdf},
 volume = {25},
 year = {2012}
}

@misc{rastegari2016xnornet,
      title={XNOR-Net: ImageNet Classification Using Binary Convolutional Neural Networks}, 
      author={Mohammad Rastegari and Vicente Ordonez and Joseph Redmon and Ali Farhadi},
      year={2016},
      eprint={1603.05279},
      archivePrefix={arXiv},
      primaryClass={cs.CV}
}

@misc{russakovsky2015imagenet,
      title={ImageNet Large Scale Visual Recognition Challenge}, 
      author={Olga Russakovsky and Jia Deng and Hao Su and Jonathan Krause and Sanjeev Satheesh and Sean Ma and Zhiheng Huang and Andrej Karpathy and Aditya Khosla and Michael Bernstein and Alexander C. Berg and Li Fei-Fei},
      year={2015},
      eprint={1409.0575},
      archivePrefix={arXiv},
      primaryClass={cs.CV}
}

@BOOK{Yan2020,
	AUTHOR = {Yan, Wei Qi},
	YEAR = {2020},
	TITLE = {Computational Methods for Deep Learning - Theoretic, Practice and Applications},
	EDITION = {},
	ISBN = {978-3-030-61081-4},
	PUBLISHER = {Springer Nature},
	ADDRESS = {Singapore},
}

@Inbook{Wang2003,
author="Wang, Sun-Chong",
title="Artificial Neural Network",
bookTitle="Interdisciplinary Computing in Java Programming",
year="2003",
publisher="Springer US",
address="Boston, MA",
pages="81--100",
abstract="Inspired by the sophisticated functionality of human brains where hundreds of billions of interconnected neurons process information in parallel, researchers have successfully tried demonstrating certain levels of intelligence on silicon. Examples include language translation and pattern recognition software. While simulation of human consciousness and emotion is still in the realm of science fiction, we, in this chapter, consider artificial neural networks as universal function approximators. Especially, we introduce neural networks which are suited for time series forecasts.",
isbn="978-1-4615-0377-4",
doi="10.1007/978-1-4615-0377-4_5",
url="https://doi.org/10.1007/978-1-4615-0377-4_5"
}

@BOOK{Networks1995,
	AUTHOR = {Networks, International Workshop on Artificial Neural AND Mira, Jose AND Sandoval, Francisco},
	YEAR = {1995},
	TITLE = {From Natural to Artificial Neural Computation - International Workshop on Artificial Neural Networks, Malaga-Torremolinos, Spain, June 7-9, 1995 : Proceedings},
	EDITION = {},
	ISBN = {978-3-540-59497-0},
	PUBLISHER = {Springer Science and Business Media},
	ADDRESS = {Berlin Heidelberg},
}
	
@article{stutz_neural_networks,
  author  = {Stutz, David}, 
  title   = {Introduction to Neural Networks},
  journal = {RWTH Aachen University},
  year    = 2014,
  month   = 3
}

@article{mcculloch_pitts,
	author = {McCulloch, Warren and Pitts, Walter},
	title = {The Linear theory of Neuron Networks: The Static Problem},
	journal = {Bulletin of Mathematical Biology},
	year = {1943},
	volume = 4,
	number = 4,
	pages = {169-175}
}

@Inbook{Mainzer1997,
author="Mainzer, Klaus",
title="Komplexit{\"a}t neuronaler Netze",
bookTitle="Gehirn, Computer, Komplexit{\"a}t",
year="1997",
publisher="Springer Berlin Heidelberg",
address="Berlin, Heidelberg",
pages="143--161",
abstract="Neuronale Netze sind Beispiele f{\"u}r komplexe Systeme mit wechselwirkenden technischen Neuronen. Sie sind nach dem Vorbild sich selbst organisierender Systeme gebaut, die wir bereits an Beispielen der physikalischen, chemischen und biologischen Evolution erl{\"a}utert haben. Daher k{\"o}nnen neuronale Netze ohne zentrale Programmsteuerung lernen, Muster zu erkennen.",
isbn="978-3-642-60524-6",
doi="10.1007/978-3-642-60524-6_9",
url="https://doi.org/10.1007/978-3-642-60524-6_9"
}

@BOOK{Sutton2018,
	AUTHOR = {Sutton, Richard S. AND Barto, Andrew G.},
	YEAR = {2018},
	TITLE = {Reinforcement Learning - An Introduction},
	EDITION = {},
	ISBN = {978-0-262-03924-6},
	PUBLISHER = {MIT Press},
	ADDRESS = {Cambridge},
}

@BOOK{Sejnowski1999,
	AUTHOR = {Sejnowski, Howard Hughes Medical Institute Computational Neurobiology Laboratory Terrence J},
	YEAR = {1999},
	TITLE = {Unsupervised Learning - Foundations of Neural Computation},
	EDITION = {},
	ISBN = {978-0-262-58168-4},
	PUBLISHER = {MIT Press},
	ADDRESS = {Cambridge},
}

@book{duda1973pattern,
  title={Pattern classification and scene analysis},
  author={Duda, Richard O and Hart, Peter E and others},
  volume={3},
  year={1973},
  publisher={Wiley New York}
}

@BOOK{Cord2008,
	AUTHOR = {Cord, Matthieu AND Cunningham, Pádraig},
	YEAR = {2008},
	TITLE = {Machine Learning Techniques for Multimedia - Case Studies on Organization and Retrieval},
	EDITION = {},
	ISBN = {978-3-540-75171-7},
	PUBLISHER = {Springer Science und Business Media},
	ADDRESS = {Berlin Heidelberg},
}

@InProceedings{pmlr-v81-menon18a, title = {The cost of fairness in binary classification}, author = {Aditya Krishna Menon and Robert C Williamson}, booktitle = {Proceedings of the 1st Conference on Fairness, Accountability and Transparency}, pages = {107--118}, year = {2018}, editor = {Sorelle A. Friedler and Christo Wilson}, volume = {81}, series = {Proceedings of Machine Learning Research}, address = {New York, NY, USA}, month = {23--24 Feb}, publisher = {PMLR}, pdf = {http://proceedings.mlr.press/v81/menon18a/menon18a.pdf}, url = {http://proceedings.mlr.press/v81/menon18a.html}}

@book{rubinstein2014cross,
  title={The Cross-Entropy Method},
  author={Rubinstein, R.Y. and Kroese, D.P.},
  isbn={9781475743227},
  url={https://books.google.de/books?id=7hj4sgEACAAJ},
  year={2014},
  publisher={Springer}
}

@BOOK{Géron2017,
	AUTHOR = {Géron, Aurélien},
	YEAR = {2017},
	TITLE = {Praxiseinstieg Machine Learning mit Scikit-Learn und TensorFlow : Konzepte, Tools und Techniken für intelligente Systeme - },
	EDITION = {},
	ISBN = {978-3-960-09061-8},
	PUBLISHER = {O'Reilly},
	ADDRESS = {Sebastopol},
}

@BOOK{Bishop2006,
	AUTHOR = {Bishop, Christopher M.},
	YEAR = {2006},
	TITLE = {Pattern Recognition and Machine Learning},
	ISBN = {978-0-387-31073-2},
	PUBLISHER = {Springer},
	ADDRESS = {Berlin, Heidelberg},
}

@MANUAL{karl2020,
	AUTHOR = {Karl, Michael Dr.},
	TITLE = {Grundlagen Maschineller Lernverfahren - Convolutional Neural Networks},
	ORGANIZATION = {DHBW Stuttgart},
	YEAR = {2020},
}

@BOOK{Deru2019,
	AUTHOR = {Deru, Matthieu AND Ndiaye, Alassane},
	YEAR = {2019},
	TITLE = {Deep Learning mit TensorFlow, Keras und TensorFlow.js},
	EDITION = {},
	ISBN = {978-3-836-26509-6},
	PUBLISHER = {Rheinwerk},
	ADDRESS = {Bonn},
}

@ONLINE{TfAPI,
	AUTHOR = {The TensorFlow Team},
	YEAR = {2017},
	TITLE = {Google Developers Blog: Introduction to TensorFlow Datasets and Estimators},
	URL = {https://developers.googleblog.com/2017/09/introducing-tensorflow-datasets.html},
	addendum = {(abgerufen am 09.03.2021)}
	}
	
@article{Atkočiūnas_Blake_Juozapavičius_Kazimianec_2005, title={Image Processing in Road Traffic Analysis}, volume={10}, url={https://www.journals.vu.lt/nonlinear-analysis/article/view/15112}, DOI={10.15388/NA.2005.10.4.15112}, abstractNote={&lt;p&gt;The article presents an application of computer vision methods to traffic flow monitoring and road traffic analysis. The application is utilizing image-processing and pattern recognition methods designed and modified to the needs and constrains of road traffic analysis. These methods combined together gives functional capabilities of the system to monitor the road, to initiate automated vehicle tracking, to measure the speed, and to recognize number plates of a car. Software developed was applied in and approved with video monitoring system, based on standard CCTV cameras connected to wide area network computers.&lt;/p&#38;gt;}, number={4}, journal={Nonlinear Analysis: Modelling and Control}, author={Atkočiūnas E. and Blake R. and Juozapavičius A. and Kazimianec M.}, year={2005}, month={Oct.}, pages={315-332} }

@INPROCEEDINGS{9148964,
  author={J. {Wang} and A. {Boukerche}},
  booktitle={ICC 2020 - 2020 IEEE International Conference on Communications (ICC)}, 
  title={The Scalability Analysis of Machine Learning Based Models in Road Traffic Flow Prediction}, 
  year={2020},
  volume={},
  number={},
  pages={1-6},
  doi={10.1109/ICC40277.2020.9148964}}
  
  @article{ata2019modelling,
  title={Modelling smart road traffic congestion control system using machine learning techniques},
  author={Ata, A and Khan, Muhammad Adnan and Abbas, Sagheer and Ahmad, Gulzar and Fatima, Areej},
  journal={Neural Network World},
  volume={29},
  number={2},
  pages={99--110},
  year={2019},
  publisher={Czech Technical University in Prague, Faculty of Transportation Sciences}
}

@article{devi2017machine,
  title={Machine Learning based traffic congestion prediction in a IoT based Smart City},
  author={Devi, Suguna and Neetha, T},
  journal={Int. Res. J. Eng. Technol},
  volume={4},
  pages={3442--3445},
  year={2017}
}

@Online{tf_tensor,
	author = {The TensorFlow Team},
	title = {Introduction to Tensors - TensorFlow Core},
	year = {2021},
	url = {https://www.tensorflow.org/guide/tensor},
	addendum = {(abgerufen am 06.05.2021)}
}

@Online{selfouly-rcnn,
	author = {Sharif Elfouly},
	title = {R-CNN (Object Detection)},
	year = {2019},
	url = {https://medium.com/@selfouly/r-cnn-3a9beddfd55a},
	addendum = {(abgerufen am 06.05.2021)}
}

@Online{learnopencv,
	author = {Vaibhaw Singh Chandel},
	title = {Selective Search for Object Detection},
	year = {2017},
	url = {https://learnopencv.com/selective-search-for-object-detection-cpp-python/},
	addendum = {(abgerufen am 06.05.2021)}}

@article{DBLP:journals/corr/GirshickDDM13,
  author    = {Ross B. Girshick and
               Jeff Donahue and
               Trevor Darrell and
               Jitendra Malik},
  title     = {Rich feature hierarchies for accurate object detection and semantic
               segmentation},
  journal   = {CoRR},
  volume    = {abs/1311.2524},
  year      = {2013},
  url       = {http://arxiv.org/abs/1311.2524},
  archivePrefix = {arXiv},
  eprint    = {1311.2524},
  timestamp = {Mon, 13 Aug 2018 16:48:09 +0200},
  biburl    = {https://dblp.org/rec/journals/corr/GirshickDDM13.bib},
  bibsource = {dblp computer science bibliography, https://dblp.org}
}

@inproceedings{felzenszwalb1998ciently,
  title={E ciently computing a good segmentation},
  author={Felzenszwalb, Pedro F and Huttenlocher, Daniel P},
  booktitle={DARPA Image Understanding Workshop},
  year={1998},
  organization={Citeseer}
}

@ONLINE{rock_paper_scissors,
    title        = {Image Classification using a Convolutional Neural Network},
    author       = {Stanger, Luca and Drinkler, Florian},
    year         = {2020},
    publisher    = {DHBW Stuttgart},
    url          = {https://github.com/lucastanger/rock_paper_scissors}
}

@ONLINE{most_used_datasets_2,
	title = {AI Progress Measurement},
	author = {Peter Eckersley and Yomna Nasser et al.},
	year = {2017},
	publisher = {EFF AI Progress Measurement Project},
	url = {https://www.eff.org/ai/metrics}
}

@ONLINE{most_used_datasets,
	title = {Popular Datasets Over Time},
	author = {Ben Hamner},
	year = {2018},
	publisher = {Kaggle},
	url = {https://www.kaggle.com/benhamner/popular-datasets-over-time/code}
}

@ONLINE{cifar10,
	title = {The CIFAR-10 Dataset},
	author = {Alex Krizhevsky},
	year = {2009},
	publisher = {University of Toronto},
	url = {https://www.cs.toronto.edu/~kriz/cifar.html}
}

@ONLINE{cifar10_2,
	title = {Learning Multiple Layers of Features from Tiny Images},
	author = {Alex Krizhevsky},
	year = {2009},
	publisher = {University of Toronto},
	url = {https://www.cs.toronto.edu/~kriz/learning-features-2009-TR.pdf}
}

@BOOK{Goodfellow2016,
	AUTHOR = {Goodfellow, Ian AND Bengio, Yoshua AND Courville, Aaron},
	YEAR = {2016},
	TITLE = {Deep Learning (Adaptive Computation and Machine Learning series)},
	EDITION = {},
	ISBN = {978-0-262-03561-3},
	PUBLISHER = {MIT Press},
	ADDRESS = {Cambridge},
}

@Online{tf_r_f_l_r,
	title = {TensorFlow - Random Flip Left Right Function},
	author = {The TensorFlow Team},
	year = {2021},
	PUBLISHER = {Google},
	url = {https://www.tensorflow.org/api_docs/python/tf/image/random_flip_left_right}
}

@Online{tf_r_f_u_d,
	title = {TensorFlow - Random Flip Up Down Function},
	author = {The TensorFlow Team},
	year = {2021},
	PUBLISHER = {Google},
	url = {https://www.tensorflow.org/api_docs/python/tf/image/random_flip_up_down}
}

@Online{tf_r_hue,
	title = {TensorFlow - Random Hue},
	author = {The TensorFlow Team},
	year = {2021},
	PUBLISHER = {Google},
	url = {https://www.tensorflow.org/api_docs/python/tf/image/random_hue}
}

@Online{tf_r_saturation,
	title = {TensorFlow - Random Saturation},
	author = {The TensorFlow Team},
	year = {2021},
	PUBLISHER = {Google},
	url = {https://www.tensorflow.org/api_docs/python/tf/image/random_saturation}
}

@Online{tf_r_contrast,
	title = {TensorFlow - Random Contrast},
	author = {The TensorFlow Team},
	year = {2021},
	PUBLISHER = {Google},
	url = {https://www.tensorflow.org/api_docs/python/tf/image/random_contrast}
}

@Online{tf_r_brightness,
	title = {TensorFlow - Random Brightness},
	author = {The TensorFlow Team},
	year = {2021},
	PUBLISHER = {Google},
	url = {https://www.tensorflow.org/api_docs/python/tf/image/random_brightness}
}

@Online{tf_r_rot90,
	title = {TensorFlow - Rotate 90 Degrees},
	author = {The TensorFlow Team},
	year = {2021},
	PUBLISHER = {Google},
	url = {https://www.tensorflow.org/api_docs/python/tf/image/rot90}
}

@Online{tf_r_uniform,
	title = {TensorFlow - Random Uniform},
	author = {The TensorFlow Team},
	year = {2021},
	PUBLISHER = {Google},
	url = {https://www.tensorflow.org/api_docs/python/tf/random/uniform}
}

@ONLINE{hyperparameter_cnn,
	title = {How to Configure the Number of Layers and Nodes in a Neural Network},
	author = {Jason Brownlee},
	year = {2018},
	publisher = {Machine Learning Mastery},
	url = {https://machinelearningmastery.com/how-to-configure-the-number-of-layers-and-nodes-in-a-neural-network/}
}

@article{ZIVKOVIC2006773,
title = {Efficient adaptive density estimation per image pixel for the task of background subtraction},
journal = {Pattern Recognition Letters},
volume = {27},
number = {7},
pages = {773-780},
year = {2006},
issn = {0167-8655},
doi = {https://doi.org/10.1016/j.patrec.2005.11.005},
url = {https://www.sciencedirect.com/science/article/pii/S0167865505003521},
author = {Zoran Zivkovic and Ferdinand {van der Heijden}},
keywords = {Background subtraction, On-line density estimation, Gaussian mixture model, Non-parametric density estimation},
abstract = {We analyze the computer vision task of pixel-level background subtraction. We present recursive equations that are used to constantly update the parameters of a Gaussian mixture model and to simultaneously select the appropriate number of components for each pixel. We also present a simple non-parametric adaptive density estimation method. The two methods are compared with each other and with some previously proposed algorithms.}
}

@Article{UijlingsIJCV2013,
  author       = "Uijlings, J. R. R. and van de Sande, K. E. A. and Gevers, T. and Smeulders, A. W. M.",
  title        = "Selective Search for Object Recognition",
  journal      = "International Journal of Computer Vision",
  number       = "2",
  volume       = "104",
  pages        = "154--171",
  year         = "2013",
  url          = "https://ivi.fnwi.uva.nl/isis/publications/2013/UijlingsIJCV2013",
  pdf          = "https://ivi.fnwi.uva.nl/isis/publications/2013/UijlingsIJCV2013/UijlingsIJCV2013.pdf",
  has_image    = 1
}

@misc{kingma2017adam,
      title={Adam: A Method for Stochastic Optimization}, 
      author={Diederik P. Kingma and Jimmy Ba},
      year={2017},
      eprint={1412.6980},
      archivePrefix={arXiv},
      primaryClass={cs.LG}
}

@misc{scc-2021,
	month = {05},
	title = {{SparseCategoricalCrossentropy - TensorFlow Core v2.5.0}},
	url = {https://www.tensorflow.org/api_docs/python/tf/keras/losses/SparseCategoricalCrossentropy},
	year = {2021},
	author = {The Tensor Flow Team}
}

@misc{ChrisDeotte2018,
	title = {{How to choose CNN Architecture}},
	url = {https://www.kaggle.com/cdeotte/how-to-choose-cnn-architecture-mnist#1.-How-many-convolution-subsambling-pairs?},
	year = {2018},
	author = {Chris Deotte},
	addendum = {(abgerufen am 10.05.2021)}
}

@Online{opencv_bg_subtraction,
	title = {OpenCV: How to Use Background Subtraction Methods},
	url = {https://docs.opencv.org/master/d1/dc5/tutorial_background_subtraction.html},
	year = {2021},
	author = {OpenCV},
	addendum = {(abgerufen am 22.05.2021)}
}
	
@Online{opencv_bg_subtraction2,
	title = {OpenCV: Background Subtraction},
	url = {https://docs.opencv.org/3.4/de/df4/tutorial_js_bg_subtraction.html},
	year = {2021},
	author = {OpenCV},
	addendum = {(abgerufen am 22.05.2021)}
}

@Online{opencv_bg_subtraction3,
	title = {OpenCV: Motion Analysis},
	url = {https://docs.opencv.org/3.4/de/de1/group__video__motion.html#ga2beb2dee7a073809ccec60f145b6b29c},
	year = {2021},
	author = {OpenCV},
	addendum = {(abgerufen am 22.05.2021)}
}

@Online{opencv_bg_subtraction4,
	title = {OpenCV: Color conversions},
	url = {https://docs.opencv.org/master/de/d25/imgproc_color_conversions.html#color_convert_rgb_gray},
	year = {2021},
	author = {OpenCV},
	addendum = {(abgerufen am 22.05.2021)}
}

@Online{cv_opencv,
	title = {Computer Vision: Write Your Motion Detection Code Using OpenCV},
	url = {https://analyticsindiamag.com/computer-vision-write-your-motion-detection-code-using-opencv/},
	year = {2021},
	author = {Rodriguez, Dr. Raul},
	addendum = {(abgerufen am 22.05.2021)}
}

@Online{rastergrid,
	title= {Efficient Gaussian blur with linear sampling},
	url = {https://rastergrid.com/blog/2010/09/efficient-gaussian-blur-with-linear-sampling/},
	year = {2010},
	author = {Rastergrid},
	addendum = {(abgerufen am 22.05.2021)}
}

@Online{qastack,
	title = {Wie wird der Gauß'sche Weichzeichner implementiert?},
	url = {https://qastack.com.de/computergraphics/39/how-is-gaussian-blur-implemented},
	year = {2021},
	author = {Bert},
	addendum = {(abgerufen am 22.05.2021)}
}

@Online{opencv_smoothing,
	title = {OpenCV: Smoothing Images},
	url = {https://docs.opencv.org/master/d4/d13/tutorial_py_filtering.html},
	year = {2021},
	author = {OpenCV},
	addendum = {(abgerufen am 22.05.2021)}
}

@Online{opencv_contour,
	title = {OpenCV: Contours : Getting Started},
	url = {https://docs.opencv.org/3.4/d4/d73/tutorial_py_contours_begin.html},
	year = {2021},
	author = {OpenCV},
	addendum = {(abgerufen am 22.05.2021)}
}

@Online{openstruct,
	title = {OpenCV: Structural Analysis and Shape Descriptors},
	url = {https://docs.opencv.org/3.4/d3/dc0/group__imgproc__shape.html},
	year = {2021},
	author = {OpenCV},
	addendum = {(abgerufen am 22.05.2021)}
}

@Online{numpyzeroeslike,
	title = {numpy.zeroeslike - NumPy Manual},
	url = {https://numpy.org/doc/stable/reference/generated/numpy.zeros_like.html},
	year = {2021},
	author = {Numpy},
	addendum = {(abgerufen am 22.05.2021)}
}

@article{JMLR:v15:srivastava14a,
  author  = {Nitish Srivastava and Geoffrey Hinton and Alex Krizhevsky and Ilya Sutskever and Ruslan Salakhutdinov},
  title   = {Dropout: A Simple Way to Prevent Neural Networks from Overfitting},
  journal = {Journal of Machine Learning Research},
  year    = {2014},
  volume  = {15},
  number  = {56},
  pages   = {1929-1958},
  url     = {http://jmlr.org/papers/v15/srivastava14a.html}
}
	
@INPROCEEDINGS{1333992,  author={Zivkovic, Z.},  booktitle={Proceedings of the 17th International Conference on Pattern Recognition, 2004. ICPR 2004.},   title={Improved adaptive Gaussian mixture model for background subtraction},   year={2004},  volume={2},  number={},  pages={28-31 Vol.2},  doi={10.1109/ICPR.2004.1333992}}

@misc{conv2d-2021B,
	title = {{tf.keras.layers.Conv2D - TensorFlow Core v2.5.0}},
	url = {https://www.tensorflow.org/api_docs/python/tf/keras/layers/Conv2D},
	year = {2021},
	author = {The Tensor Flow Team}
}

@Online{tf_object_detection_github,
	title = {Tensorflow/Models - GitHub},
	url = {https://github.com/tensorflow/models/tree/master/research/object_detection},
	year = {2021},
	author = {Github},
	addendum = {(abgerufen am 01.06.2021)}
}

@Online{kp_detection,
	title = {Keypoint Detection - Papers with Code},
	url = {https://paperswithcode.com/task/keypoint-detection},
	year = {2021},
	author = {PapersWithCode},
	addendum = {(abgerufen am 02.06.2021)}
}

@Online{efficientdet,
	title = {TensorFlow Hub - EfficientDet},
	url = {https://tfhub.dev/tensorflow/efficientdet/d7/1},
	year = {2021},
	author = {The TensorFlow Team},
	addendum = {(abgerufen am 02.06.2021)}
}

@inproceedings{tan2019efficientnet,
  title={Efficientnet: Rethinking model scaling for convolutional neural networks},
  author={Tan, Mingxing and Le, Quoc},
  booktitle={International Conference on Machine Learning},
  pages={6105--6114},
  year={2019},
  organization={PMLR}
}

@Online{object_detection_comparison,
	title = {Object detection - speed and accuracy comparison},
	url = {https://jonathan-hui.medium.com/object-detection-speed-and-accuracy-comparison-faster-r-cnn-r-fcn-ssd-and-yolo-5425656ae359},
	year = {2021},
	author = {Jonathan Hui},
	addendum = {(abgerufen am 02.06.2021)}
}

@inproceedings{tan2020efficientdet,
  title={Efficientdet: Scalable and efficient object detection},
  author={Tan, Mingxing and Pang, Ruoming and Le, Quoc V},
  booktitle={Proceedings of the IEEE/CVF conference on computer vision and pattern recognition},
  pages={10781--10790},
  year={2020}
}

@Online{solawetz,
	title = {Training EfficientDet Object Detection Model with a Custom Dataset},
	url = {https://towardsdatascience.com/training-efficientdet-object-detection-model-with-a-custom-dataset-25fb0f190555},
	year = {2020},
	author = {Jacob Solawetz},
	addendum = {(abgerufen am 02.06.2021)}
}

@Online{obd_api,
	title = {Object Detection From TF2 Saved Model},
	url = {https://tensorflow-object-detection-api-tutorial.readthedocs.io/en/latest/auto_examples/plot_object_detection_saved_model.html},
	year = {2021},
	author = {Lyudmil Vladimirov},
	addendum = {(abgerufen am 02.06.2021)}
}

@Online{valohai,
	title = {What is a Machine Learning Pipeline?},
	url = {https://valohai.com/machine-learning-pipeline/},
	year = {2021},
	author = {Valohai},
	addendum = {(abgerufen am 02.06.2021)}
}

@Online{tf_checkpoint,
	title = {Trainingskontrollpunkte - TensorFlow Core},
	url = {https://www.tensorflow.org/guide/checkpoint},
	year = {2021},
	author = {The TensorFlow Team},
	addendum = {(abgerufen am 02.06.2021)}
}

@Inbook{Soille1998,
author="Soille, Pierre",
title="Grundlagen",
bookTitle="Morphologische Bildverarbeitung: Grundlagen, Methoden, Anwendungen",
year="1998",
publisher="Springer Berlin Heidelberg",
address="Berlin, Heidelberg",
pages="15--49",
abstract="Die mathematische Morphologie stammt von der Mengentheorie ab. F{\"u}r eine Vertiefung in ihre theoretischen Grundlagen ben{\"o}tigt der Leser ein fundiertes Wissen sowohl {\"u}ber Mengentheorie als auch Topologie. Wenn wir uns jedoch auf ihre Anwendung im diskreten Raum konzentrieren, sind nur einfache mathematische Begriffe, wie z. B. Vereinigungsmenge oder Schnittmenge, notwendig. Ziel des vorliegenden Kapitels ist es, diese Grundlagen vorzustellen. Au{\ss}erdem werden wir sehen, da{\ss} viele Definitionen, die sich auf die Geometrie eines euklidischen Objektes beziehen, nicht auf diskrete Objekte angewendet werden k{\"o}nnen. Wie sollen wir beispielsweise die Nachbarn eines Punktes in einem Raster definieren und welches ist die beste Darstellung einer Linie auf diesem Raster? Zur Beantwortung dieser Frage ist es n{\"o}tig, einige Begriffe der diskreten Geometrie einzuf{\"u}hren.",
isbn="978-3-642-72190-8",
doi="10.1007/978-3-642-72190-8_2",
url="https://doi.org/10.1007/978-3-642-72190-8_2"
}

@Online{sort_gh,
	title = {GitHub - SORT Algorithmus},
	url = {https://github.com/abewley/sort},
	year = {2021},
	author = {Alex Bewley},
	addendum = {(abgerufen am 07.06.2021)}
}

@article{DBLP:journals/corr/BewleyGORU16,
  author    = {Alex Bewley and
               ZongYuan Ge and
               Lionel Ott and
               Fabio Ramos and
               Ben Upcroft},
  title     = {Simple Online and Realtime Tracking},
  journal   = {CoRR},
  volume    = {abs/1602.00763},
  year      = {2016},
  url       = {http://arxiv.org/abs/1602.00763},
  archivePrefix = {arXiv},
  eprint    = {1602.00763},
  timestamp = {Mon, 13 Aug 2018 16:48:04 +0200},
  biburl    = {https://dblp.org/rec/journals/corr/BewleyGORU16.bib},
  bibsource = {dblp computer science bibliography, https://dblp.org}
}

@article{asida_kalman,
	author = {Jenny Beschorner},
	title = {Kalman Filter},
	journal = {Automobile Systeme in der Automatisierung},
	year = {2012},
	url = {https://www.uni-koblenz-landau.de/de/koblenz/fb4/ist/AGZoebel/Lehre/ss2012/seminar/jBeschorner}
}

@Online{hungarian_method,
	title = {Ungarische Methode - Operations Research},
	url = {https://www.ingenieurkurse.de/unternehmensforschung/branch-and-bound-tsp-weitere-iterationen/lineare-zuordnungsprobleme/ungarische-methode.html},
	year = {2021},
	author = {ingenieurkurse.de},
	addendum = {(abgerufen am 07.06.2021)}
}

@article{DBLP:journals/corr/LinMBHPRDZ14,
  author    = {Tsung{-}Yi Lin and
               Michael Maire and
               Serge J. Belongie and
               Lubomir D. Bourdev and
               Ross B. Girshick and
               James Hays and
               Pietro Perona and
               Deva Ramanan and
               Piotr Doll{\'{a}}r and
               C. Lawrence Zitnick},
  title     = {Microsoft {COCO:} Common Objects in Context},
  journal   = {CoRR},
  volume    = {abs/1405.0312},
  year      = {2014},
  url       = {http://arxiv.org/abs/1405.0312},
  archivePrefix = {arXiv},
  eprint    = {1405.0312},
  timestamp = {Mon, 13 Aug 2018 16:48:13 +0200},
  biburl    = {https://dblp.org/rec/journals/corr/LinMBHPRDZ14.bib},
  bibsource = {dblp computer science bibliography, https://dblp.org}
}

@Online{jonathanhui,
	title = {mAP (Mean Average Precision)},
	url = {https://jonathan-hui.medium.com/map-mean-average-precision-for-object-detection-45c121a31173},
	author = {Jonathan Hui},
	day = {7},
	month = {March},
	year = {2018},
	addendum = {(abgerufen am 07.06.2021)}
}

@article{DBLP:journals/corr/WojkeBP17,
  author    = {Nicolai Wojke and
               Alex Bewley and
               Dietrich Paulus},
  title     = {Simple Online and Realtime Tracking with a Deep Association Metric},
  journal   = {CoRR},
  volume    = {abs/1703.07402},
  year      = {2017},
  url       = {http://arxiv.org/abs/1703.07402},
  archivePrefix = {arXiv},
  eprint    = {1703.07402},
  timestamp = {Mon, 13 Aug 2018 16:47:39 +0200},
  biburl    = {https://dblp.org/rec/journals/corr/WojkeBP17.bib},
  bibsource = {dblp computer science bibliography, https://dblp.org}
}



