@Online{project_jupyter,
	author = {Project Jupyter},
	title = {Project Jupyter - Home},
	url = {https://jupyter.org/},
	addendum = {(abgerufen am 01.02.2021)},
	keywords = {jupyter, notebooks},
	year = {2021}
}

@Online{colab_notebooks,
	author = {Google Colab},
	title = {Willkommen bei Colaboratory - Colaboratory},
	url = {https://colab.research.google.com/notebooks/intro.ipynb#scrollTo=OwuxHmxllTwN},
	addendum = {(abgerufen am 01.02.2021)},
	keywords = {jupyter, colab, google, notebooks},
	year = {2021}
}

@Online{jupyter_kernel,
	author = {Project Jupyter},
	title = {Jupyter Kernels - jupyter/jupyter},
	url = {https://github.com/jupyter/jupyter/wiki/Jupyter-kernels},
	addendum = {(abgerufen am 01.02.2021)},
	keywords = {jupyter, github, kernel},
	year = {2021}
}

@Online{imagenet,
	author = {ImageNet},
	title = {ImageNet Large Scale Visual Recognition Competition},
	url = {http://www.image-net.org/challenges/LSVRC/2012/results.html},
	addendum = {(abgerufen am 01.02.2021)},
	year = {2012}
}

@inproceedings{NIPS2012_c399862d,
 author = {Krizhevsky, Alex and Sutskever, Ilya and Hinton, Geoffrey E},
 booktitle = {Advances in Neural Information Processing Systems},
 editor = {F. Pereira and C. J. C. Burges and L. Bottou and K. Q. Weinberger},
 pages = {1097--1105},
 publisher = {Curran Associates, Inc.},
 title = {ImageNet Classification with Deep Convolutional Neural Networks},
 url = {https://proceedings.neurips.cc/paper/2012/file/c399862d3b9d6b76c8436e924a68c45b-Paper.pdf},
 volume = {25},
 year = {2012}
}

@misc{rastegari2016xnornet,
      title={XNOR-Net: ImageNet Classification Using Binary Convolutional Neural Networks}, 
      author={Mohammad Rastegari and Vicente Ordonez and Joseph Redmon and Ali Farhadi},
      year={2016},
      eprint={1603.05279},
      archivePrefix={arXiv},
      primaryClass={cs.CV}
}

@misc{russakovsky2015imagenet,
      title={ImageNet Large Scale Visual Recognition Challenge}, 
      author={Olga Russakovsky and Jia Deng and Hao Su and Jonathan Krause and Sanjeev Satheesh and Sean Ma and Zhiheng Huang and Andrej Karpathy and Aditya Khosla and Michael Bernstein and Alexander C. Berg and Li Fei-Fei},
      year={2015},
      eprint={1409.0575},
      archivePrefix={arXiv},
      primaryClass={cs.CV}
}

@BOOK{Yan2020,
	AUTHOR = {Yan, Wei Qi},
	YEAR = {2020},
	TITLE = {Computational Methods for Deep Learning - Theoretic, Practice and Applications},
	EDITION = {},
	ISBN = {978-3-030-61081-4},
	PUBLISHER = {Springer Nature},
	ADDRESS = {Singapore},
}

@Inbook{Wang2003,
author="Wang, Sun-Chong",
title="Artificial Neural Network",
bookTitle="Interdisciplinary Computing in Java Programming",
year="2003",
publisher="Springer US",
address="Boston, MA",
pages="81--100",
abstract="Inspired by the sophisticated functionality of human brains where hundreds of billions of interconnected neurons process information in parallel, researchers have successfully tried demonstrating certain levels of intelligence on silicon. Examples include language translation and pattern recognition software. While simulation of human consciousness and emotion is still in the realm of science fiction, we, in this chapter, consider artificial neural networks as universal function approximators. Especially, we introduce neural networks which are suited for time series forecasts.",
isbn="978-1-4615-0377-4",
doi="10.1007/978-1-4615-0377-4_5",
url="https://doi.org/10.1007/978-1-4615-0377-4_5"
}

@BOOK{Networks1995,
	AUTHOR = {Networks, International Workshop on Artificial Neural AND Mira, Jose AND Sandoval, Francisco},
	YEAR = {1995},
	TITLE = {From Natural to Artificial Neural Computation - International Workshop on Artificial Neural Networks, Malaga-Torremolinos, Spain, June 7-9, 1995 : Proceedings},
	EDITION = {},
	ISBN = {978-3-540-59497-0},
	PUBLISHER = {Springer Science and Business Media},
	ADDRESS = {Berlin Heidelberg},
}
	
@article{stutz_neural_networks,
  author  = {Stutz, David}, 
  title   = {Introduction to Neural Networks},
  journal = {RWTH Aachen University},
  year    = 2014,
  month   = 3
}

@article{mcculloch_pitts,
	author = {McCulloch, Warren and Pitts, Walter},
	title = {The Linear theory of Neuron Networks: The Static Problem},
	journal = {Bulletin of Mathematical Biology},
	year = {1943},
	volume = 4,
	number = 4,
	pages = {169-175}
}

@Inbook{Mainzer1997,
author="Mainzer, Klaus",
title="Komplexit{\"a}t neuronaler Netze",
bookTitle="Gehirn, Computer, Komplexit{\"a}t",
year="1997",
publisher="Springer Berlin Heidelberg",
address="Berlin, Heidelberg",
pages="143--161",
abstract="Neuronale Netze sind Beispiele f{\"u}r komplexe Systeme mit wechselwirkenden technischen Neuronen. Sie sind nach dem Vorbild sich selbst organisierender Systeme gebaut, die wir bereits an Beispielen der physikalischen, chemischen und biologischen Evolution erl{\"a}utert haben. Daher k{\"o}nnen neuronale Netze ohne zentrale Programmsteuerung lernen, Muster zu erkennen.",
isbn="978-3-642-60524-6",
doi="10.1007/978-3-642-60524-6_9",
url="https://doi.org/10.1007/978-3-642-60524-6_9"
}


